@misc{kos, 
    title={Daily Kos Elections' presidential results by congressional district for 2020, 2016, and 2012}, url={https://www.dailykos.com/stories/2020/11/19/1163009/-Daily-Kos-Elections-presidential-results-by-congressional-district-for-2020-2016-and-2012}, 
    journal={Daily Kos},
    note={Accessible at \url{https://www.dailykos.com/stories/2020/11/19/1163009/-Daily-Kos-Elections-presidential-results-by-congressional-district-for-2020-2016-and-2012}}
} 
@misc{dc1,
    title={District of Columbia Presidential Election Results 2020},
    url={https://www.nbcnews.com/politics/2020-elections/district-of-columbia-president-results},
    note={Accessible at \url{https://www.nbcnews.com/politics/2020-elections/district-of-columbia-president-results}}
}
@misc{dc2,
    title={2016 District of Columbia Presidential Election Results},
    url={https://www.politico.com/2016-election/results/map/president/district-of-columbia/},
    note={https://www.politico.com/2016-election/results/map/president/district-of-columbia/}}
}
@misc{dc3,
    title={2012 District of Columbia Presidential Results},
    url={https://www.politico.com/2012-election/results/president/district-of-columbia/},
    note={Accessible at \url{https://www.politico.com/2012-election/results/president/district-of-columbia/}}
}
@misc{pop, 
    title={MIT Election Data and Science Lab, 2017, "U.S. President 1976â€“2020"}, url={https://dataverse.harvard.edu/file.xhtml?fileId=4299753&version=6.0}, 
    note={Accessible at \url{https://dataverse.harvard.edu/file.xhtml?fileId=4299753&version=6.0}}
}